<record><leader>00000cas a2200000 a 4500</leader><controlfield tag="001">23164133</controlfield><controlfield tag="008">910227d1uuu19uuiluwr ne      0    0eng c</controlfield><datafield ind1=" " ind2=" " tag="010"><subfield code="a">sn 91054555 </subfield></datafield><datafield ind1=" " ind2=" " tag="040"><subfield code="a">NVF</subfield><subfield code="b">eng</subfield><subfield code="c">NVF</subfield><subfield code="d">OCLCQ</subfield><subfield code="d">NVF</subfield><subfield code="d">OCLCF</subfield><subfield code="d">OCLCO</subfield></datafield><datafield ind1="1" ind2=" " tag="029"><subfield code="a">AU@</subfield><subfield code="b">000025871540</subfield></datafield><datafield ind1=" " ind2=" " tag="042"><subfield code="a">pcc</subfield></datafield><datafield ind1=" " ind2=" " tag="043"><subfield code="a">n-us-il</subfield></datafield><datafield ind1="0" ind2=" " tag="130"><subfield code="a">Weekly transcript (Modesto, Ill.)</subfield></datafield><datafield ind1="1" ind2="4" tag="245"><subfield code="a">The Weekly transcript.</subfield></datafield><datafield ind1=" " ind2=" " tag="260"><subfield code="a">Modesto, Macoupin County, Ill. :</subfield><subfield code="b">Scott Etter</subfield></datafield><datafield ind1=" " ind2=" " tag="300"><subfield code="a">v.</subfield></datafield><datafield ind1=" " ind2=" " tag="310"><subfield code="a">Weekly</subfield></datafield><datafield ind1=" " ind2=" " tag="580"><subfield code="a">Issued with: Weekly transcript (Palmyra, Ill.), &lt;Aug. 31, 1905-Apr. 5, 1951&gt;.</subfield></datafield><datafield ind1=" " ind2=" " tag="588"><subfield code="a">Latest issue consulted: Apr. 5, 1951.</subfield></datafield><datafield ind1=" " ind2=" " tag="588"><subfield code="a">Description based on: Vol. 18, no. 43 (Aug. 31, 1905).</subfield></datafield><datafield ind1=" " ind2="0" tag="651"><subfield code="a">Modesto (Ill.)</subfield><subfield code="v">Newspapers.</subfield></datafield><datafield ind1=" " ind2="7" tag="655"><subfield code="a">Newspapers.</subfield><subfield code="2">fast</subfield><subfield code="0">(OCoLC)fst01423814</subfield></datafield><datafield ind1=" " ind2="7" tag="651"><subfield code="a">Illinois</subfield><subfield code="z">Modesto.</subfield><subfield code="2">fast</subfield><subfield code="0">(OCoLC)fst01885366</subfield></datafield><datafield ind1=" " ind2=" " tag="752"><subfield code="a">United States</subfield><subfield code="b">Illinois</subfield><subfield code="c">Macoupin</subfield><subfield code="d">Modesto.</subfield></datafield><datafield ind1="1" ind2=" " tag="777"><subfield code="t">Weekly transcript (Palmyra, Ill.)</subfield><subfield code="w">(DLC)sn 82015366</subfield><subfield code="w">(OCoLC)8807401</subfield></datafield></record>